<?xml version="1.0" encoding="UTF-8"?><record xmlns="http://www.loc.gov/MARC21/slim" xmlns:cinclude="http://apache.org/cocoon/include/1.0" xmlns:zs="http://www.loc.gov/zing/srw/">
  <leader>00751nz  a2200193n  4500</leader>
  <controlfield tag="001">no2014135394</controlfield>
  <controlfield tag="003">DLC</controlfield>
  <controlfield tag="005">20141015073545.0</controlfield>
  <controlfield tag="008">141014n| azannaabn          |b aaa     c</controlfield>
  <datafield tag="010" ind1=" " ind2=" ">
    <subfield code="a">no2014135394</subfield>
  </datafield>
  <datafield tag="035" ind1=" " ind2=" ">
    <subfield code="a">(OCoLC)oca09987248</subfield>
  </datafield>
  <datafield tag="040" ind1=" " ind2=" ">
    <subfield code="a">NNC-EA</subfield>
    <subfield code="b">eng</subfield>
    <subfield code="e">rda</subfield>
    <subfield code="c">NNC</subfield>
  </datafield>
  <datafield tag="046" ind1=" " ind2=" ">
    <subfield code="f">1950</subfield>
  </datafield>
  <datafield tag="100" ind1="1" ind2=" ">
    <subfield code="a">Baba, Eiko,</subfield>
    <subfield code="d">1950-</subfield>
  </datafield>
  <datafield tag="372" ind1=" " ind2=" ">
    <subfield code="a">Chinese literature--History and criticism</subfield>
    <subfield code="2">lcsh</subfield>
  </datafield>
  <datafield tag="373" ind1=" " ind2=" ">
    <subfield code="a">Niigata Daigaku. Jinbun Gakubu</subfield>
    <subfield code="2">naf</subfield>
  </datafield>
  <datafield tag="400" ind1="1" ind2=" ">
    <subfield code="a">馬場英子,</subfield>
    <subfield code="d">1950-</subfield>
  </datafield>
  <datafield tag="667" ind1=" " ind2=" ">
    <subfield code="a">Non-Latin script reference not evaluated</subfield>
  </datafield>
  <datafield tag="670" ind1=" " ind2=" ">
    <subfield code="a">Chūgoku mukashibanashishū, 2007:</subfield>
    <subfield code="b">t.p. (馬場英子 = Baba Eiko) v. 1, colophon (r; b. 1959; completed doctoral program, Tōkyō Toritsu Daigaku; prof., Niigata Daigaku Jinbun Gakubu; spec., Chinese literature)</subfield>
  </datafield>
</record>